
    <zs:record>
      <zs:recordSchema/>
      <zs:recordPacking>xml</zs:recordPacking>
      <zs:recordData>
        <record xmlns="http://www.loc.gov/MARC21/slim">
          <leader>03081cam a22002891  4500</leader>
          <controlfield tag="001">5862364</controlfield>
          <controlfield tag="005">20211013181203.0</controlfield>
          <controlfield tag="008">800718s1900    enkabc        001 0 eng  </controlfield>
          <datafield tag="906" ind1=" " ind2=" ">
            <subfield code="a">7</subfield>
            <subfield code="b">cbc</subfield>
            <subfield code="c">oclcrpl</subfield>
            <subfield code="d">u</subfield>
            <subfield code="e">ncip</subfield>
            <subfield code="f">19</subfield>
            <subfield code="g">y-gencatlg</subfield>
          </datafield>
          <datafield tag="010" ind1=" " ind2=" ">
            <subfield code="a">   05010968 </subfield>
          </datafield>
          <datafield tag="035" ind1=" " ind2=" ">
            <subfield code="a">(OCoLC)6528454</subfield>
          </datafield>
          <datafield tag="040" ind1=" " ind2=" ">
            <subfield code="a">DLC</subfield>
            <subfield code="c">IaGG</subfield>
            <subfield code="d">DLC</subfield>
          </datafield>
          <datafield tag="050" ind1="0" ind2="0">
            <subfield code="a">DS479</subfield>
            <subfield code="b">.W25</subfield>
          </datafield>
          <datafield tag="100" ind1="1" ind2=" ">
            <subfield code="a">Warburton, Robert,</subfield>
            <subfield code="c">Sir,</subfield>
            <subfield code="d">1842-1899.</subfield>
          </datafield>
          <datafield tag="245" ind1="1" ind2="0">
            <subfield code="a">Eighteen years in the Khyber, 1879-1898,</subfield>
            <subfield code="c">by Colonel Sir Robert Warburton.</subfield>
          </datafield>
          <datafield tag="260" ind1=" " ind2=" ">
            <subfield code="a">London,</subfield>
            <subfield code="b">J. Murray,</subfield>
            <subfield code="c">1900.</subfield>
          </datafield>
          <datafield tag="300" ind1=" " ind2=" ">
            <subfield code="a">1 p. l., [18], 351 p.</subfield>
            <subfield code="b">front., plates, ports., fold. map.</subfield>
            <subfield code="c">23 cm.</subfield>
          </datafield>
          <datafield tag="500" ind1=" " ind2=" ">
            <subfield code="a">"1st. ed. January 1900, reprinted April 1900."</subfield>
          </datafield>
          <datafield tag="500" ind1=" " ind2=" ">
            <subfield code="a">Ed. by his widow, Mary (Cecil) lady Warburton.</subfield>
          </datafield>
          <datafield tag="520" ind1=" " ind2=" ">
            <subfield code="a">Sir Robert Warburton (1842-99) was a British army officer who served for 18 years as the political officer, or warden, of the Khyber Pass, the most important of the mountain passes connecting Afghanistan and present-day Pakistan. He was born in Afghanistan, the son of a British officer and his wife, a noble Afghan woman who was the niece of Amir Dost Mohammad Khan. Warburton was educated in England, commissioned an officer, and served at posts in British India and in Abyssinia (present-day Ethiopia) before being appointed, in 1879, to his post in the Khyber. Home to the fiercely independent Pushtun Afridi people who resisted external control, the pass frequently had been blocked by the Afridis or by fighting among the hill tribes. Warburton is credited with keeping the frontier peaceful and the pass open, mainly though diplomacy rather than force. He drew upon his Afghan background and his fluent Persian and Pushto to gradually win the trust of tribesmen whose traditions made them deeply suspicious of outsiders. In August 1897, one month after Warburton's retirement, unrest broke out among the Afridis, who seized the pass and held it for several months. Warburton was called back into service and participated in the Tirah expedition of 1897-98, in which Anglo-Indian forces reopened the pass. Warburton was especially proud of the role played in the expedition by the Khyber Rifles, a paramilitary force recruited from Afridi tribesmen that he had raised and commanded. Eighteen Years in the Khyber, 1879-1898 is Warburton's account of his education and career. It touches upon virtually every individual and event that played a role in relations between Afghanistan and British India during the last quarter of the 19th century. Long in poor health, Warburton returned to England and died before the book was completed. Posthumously published, it is illustrated with a number of striking photographs and includes a detailed fold-out map of the Khyber.</subfield>
            <subfield code="c">World Digital Library.</subfield>
          </datafield>
          <datafield tag="600" ind1="1" ind2="0">
            <subfield code="a">Warburton, Robert,</subfield>
            <subfield code="c">Sir,</subfield>
            <subfield code="d">1842-1899.</subfield>
          </datafield>
          <datafield tag="651" ind1=" " ind2="0">
            <subfield code="a">India</subfield>
            <subfield code="x">History</subfield>
            <subfield code="y">British occupation, 1765-1947</subfield>
            <subfield code="v">Biography.</subfield>
          </datafield>
          <datafield tag="700" ind1="1" ind2=" ">
            <subfield code="a">Warburton, Mary Cecil,</subfield>
            <subfield code="c">Lady,</subfield>
            <subfield code="e">ed.</subfield>
          </datafield>
          <datafield tag="856" ind1="4" ind2="1">
            <subfield code="d">gdclccn</subfield>
            <subfield code="f">05010968</subfield>
            <subfield code="u">http://hdl.loc.gov/loc.gdc/gdclccn.05010968</subfield>
          </datafield>
          <datafield tag="985" ind1=" " ind2=" ">
            <subfield code="a">gdc/wdl</subfield>
          </datafield>
          <datafield tag="985" ind1=" " ind2=" ">
            <subfield code="e">OCLC REPLACEMENT</subfield>
          </datafield>
          <datafield tag="991" ind1=" " ind2=" ">
            <subfield code="b">c-GenColl</subfield>
            <subfield code="h">DS479</subfield>
            <subfield code="i">.W25</subfield>
            <subfield code="t">Copy 1</subfield>
            <subfield code="w">OCLCREP</subfield>
          </datafield>
        </record>
      </zs:recordData>
      <zs:recordPosition>10</zs:recordPosition>
    </zs:record>
  </zs:records>
  <zs:echoedSearchRetrieveRequest>
    <zs:version>1.1</zs:version>
    <zs:query>dc.creator="Ussher, Mary" or dc.creator="Warburton, Mary"</zs:query>
    <zs:maximumRecords>100</zs:maximumRecords>
    <zs:recordPacking>xml</zs:recordPacking>
  </zs:echoedSearchRetrieveRequest>
</zs:searchRetrieveResponse>
